@Book{b1,
  author    = {Claes Wohlin and Aybüke Aurum},
  publisher = {Springer Berlin Heidelberg},
  title     = {Criteria for Selecting Software Requirements to Create Product Value: An Industrial Empirical Study},
  year      = {2006},
  address   = {Berlin, Heidelberg},
  doi       = {10.1007/3-540-29263-2_9},
  journal   = {Value-Based Software Engineering},
  pages     = {179-200},
}

@Misc{b2,
  author    = {Dyego De Morais and Taciana Falcão},
  title     = {Processos Participativos de Desenvolvimento de Jogos Digitais em Contextos Escolares},
  year      = {2007},
  address   = {Recife},
  doi       = {10.5753/desafie.2015.10047},
  journal   = {Anais do IV Workshop de Desafios da Computação aplicada à Educação (DesafIE! 2015)},
  publisher = {Sociedade Brasileira de Computação - SBC},
}

@InProceedings{b3,
  author    = {Thaís Ferreira and Davi Viana and Juliana Fernandes and Rodrigo Santos},
  booktitle = {Proceedings of the XXXII Brazilian Symposium on Software Engineering},
  title     = {Identifying emerging topics and difficulties in software engineering education in Brazil},
  year      = {2018},
  publisher = {ACM},
  doi       = {10.1145/3266237.3266247},
  journal   = {Proceedings of the XXXII Brazilian Symposium on Software Engineering},
}

@Article{b4,
  author       = {Caroline Facq-Mellet},
  journal      = {Uma An{\'a}lise da Demanda por Compet{\^e}ncias N{\=a}o-T{\'e}cnicas de Profissionais para a Ind{\'u}stria de Software e Servi\c{c}os. Anais do IX F{\'o}rum de Educa\c{c}{\=a}o em Engenharia de Software (FEES},
  title        = {Developing Oral Skills at the University: Which Models and Reference Practices?},
  year         = {2016},
  issn         = {0151-1874},
  number       = {99},
  pages        = {101--112},
  volume       = {2016},
  doi          = {10.4000/recherchestravaux.4590},
  keywords     = {General Medicine},
  publisher    = {OpenEdition},
  unidentified = {p},
}

@article{b5,
	title        = {Desenvolvimento de um Aplicativo de Combate {\`a} Depress{\=a}o atrav{\'e}s da An{\'a}lise de Informa\c{c}{\=o}es de Grupos em uma Rede Social},
	author       = {M. Ludmilla Oliveira},
	year         = 2018,
	journal      = {In: Anais Principais do XIV Simp{\'o}sio Brasileiro de Sistemas de Informa\c{c}{\=a}o. SBC},
	pages        = {64--55},
	unidentified = {p}
}

@incollection{b6,
	title        = {An{\'a}lise dos Resultados da Aplica\c{c}{\=a}o de Projetos Interdisciplinares em um Curso de Tecnologia sob a Perspectiva dos Alunos},
	author       = {M. Cunha, Xc and M. Souza J{\'u}nior, F. and H. Almeida, O.},
	year         = 2007,
	booktitle    = {sobre Educa\c{c}{\=a}o em Computa\c{c}{\=a}o-WEI, Rio de Janeiro-RJ},
	publisher    = {Anais do XXVII Congresso da Sociedade Brasileira de Computa\c{c}{\=a}o},
	editor       = {X. V. Workshop}
}

@Article{b7,
  author    = {Wellington Lemos and José Cunha and Juliana Saraiva},
  journal   = {Anais do Workshop sobre Educação em Computação (WEI)},
  title     = {Ensino de Engenharia de Software em um Curso de Sistemas de Informação: Uma Análise dos Problemas e Soluções na Perspectiva de Professores e Alunos},
  year      = {2019},
  pages     = {305--318},
  doi       = {10.5753/wei.2019.6638},
  publisher = {Sociedade Brasileira de Computação - SBC},
}

@Book{b8,
  author    = {R. Delisle},
  publisher = {How to Use Problem-based Learning in the Classroom. ASCD},
  title     = {Association for Supervision, and Curriculum Development. 1997},
  year      = {1997},
  number    = {2},
  volume    = {20},
  doi       = {10.1080/02783199709553864},
  issn      = {0278-3193},
  journal   = {Roeper Review},
  keywords  = {Developmental and Educational Psychology, Education},
  pages     = {99-104},
}

@Book{b9,
  author    = {Jessica J. Sullivan},
  editor    = {D. Boud and F. Grahame},
  publisher = {Psychology Press},
  title     = {The challenge of problem-based learning},
  year      = {1998},
  number    = {1},
  volume    = {13},
  doi       = {10.7771/1541-5015.1861},
  issn      = {1541-5015},
  journal   = {Interdisciplinary Journal of Problem-Based Learning},
  keywords  = {Education},
}

@article{b10,
	title        = {Effects of problem-based learning approach on cognitive variables of university students},
	author       = {S. Bayat and A. Tarmizi Rohani},
	year         = 2012,
	journal      = {Procedia-Social and Behavioral Sciences},
	volume       = 46,
	pages        = {3146--3151}
}

@article{b11,
	title        = {No Silver Bullet Essence and Accidents of Software Engineering},
	author       = {F. P. Brooks},
	year         = 1987,
	month        = {April},
	journal      = {Computer},
	volume       = 20,
	number       = 4,
	pages        = 1987
}

@Book{b12,
  author    = {J. Dormans},
  publisher = {Universiteit van Amsterdam [Host]},
  title     = {Engineering emergence: applied theory for game design},
  year      = {2012},
  doi       = {10.4324/9781003214977-74},
  journal   = {The Routledge Companion to Video Game Studies},
  pages     = {540-546},
}

@Book{b13,
  author    = {G. Zaffari and A. L. Battaiola},
  publisher = {Proceedings do XIII SBGames-Trilha Ind{\'u}stria},
  title     = {Integra\c{c}{\=a}o do Processo Industrial de Design de Jogos com o modelo MDA},
  year      = {2014},
  number    = {3},
  volume    = {12},
  doi       = {10.51358/id.v12i3.382},
  issn      = {1808-5377},
  journal   = {InfoDesign - Revista Brasileira de Design da Informação},
  keywords  = {Pharmacology (medical)},
  pages     = {267-301},
}

@inproceedings{b14,
  title={Utilizando o framework mda para avaliar a est{\'e}tica de um jogo: Um estudo preliminar sobre a percep{\c{c}}ao de estudantes de gradua{\c{c}}ao},
  author={de Souza, Bruno and Doreste, Andr{\'e}a and Xex{\'e}o, Geraldo and Reis, Christian},
  booktitle={XVII Brazilian Symposium on Computer Games and Digital Entertainment. Foz do Igua{\c{c}}u, PR, Brazil: SBC},
  pages={348--351},
  year={2018}
}

@inproceedings{b15,
 author = {Airon dos Santos and Fábio Gomes},
 title = {Levantamento de requisitos no desenvolvimento de jogos},
 booktitle = {Anais do IV Encontro Nacional de Computação dos Institutos Federais},
 location = {São Paulo},
 year = {2017},
 keywords = {},
 issn = {2763-8766},
 publisher = {SBC},
 address = {Porto Alegre, RS, Brasil},
 doi = {10.5753/encompif.2017.9926},
 url = {https://sol.sbc.org.br/index.php/encompif/article/view/9926}
}


@Article{b16,
  author    = {T. Breves and M. Fontes and D. de},
  journal   = {Upgrade: jogos, entretenimento e cultura},
  title     = {Oliveira Lemes; "Requisitos n{\=a}o funcionais para Jogos Digitais."},
  year      = {2021},
  pages     = {105-121},
  volume    = {2016},
  doi       = {10.31560/pimentacultural/2021.748.105-121},
  publisher = {Pimenta Cultural},
}

@article{b17,
	title        = {Prototyping Tools for Game Writers},
	author       = {H. Engstr{"o}m and J. Brusk and P. Erlandsson},
	year         = 2018,
	journal      = {Comput Game J},
	pages        = {153--172}
}

@Book{b18,
  author    = {I. Sommerville},
  publisher = {PEARSON BRASIL},
  title     = {Engenharia de software},
  year      = {2011},
  number    = {9},
  volume    = {86},
  doi       = {10.1016/j.jss.2013.01.050},
  issn      = {0164-1212},
  journal   = {Journal of Systems and Software},
  keywords  = {Hardware and Architecture, Information Systems, Software},
  pages     = {2330-2332},
  url       = {https://books.google.com.br/books?id=H4u5ygAACAAJ},
}

@TechReport{b19,
  author       = {CMMI Product Team, The},
  title        = {CMMI for Development, Version 1.3},
  year         = {2010},
  month        = {Nov},
  note         = {Accessed: 2023-Nov-11},
  number       = {CMU/SEI-2010-TR-033},
  doi          = {10.1184/R1/6572342.v1},
  howpublished = {Carnegie Mellon University, Software Engineering Institute's Digital Library},
  url          = {https://doi.org/10.1184/R1/6572342.v1},
}

@article{b20,
	title        = {Games Independentes: Fundamentos metodol{\'o}gicos para cria\c{c}{\=a}o},
	author       = {D. de Oliveira Lemes},
	year         = 2009,
	journal      = {planejamento e desenvolvimento de jogos digitais. (},
	volume       = 2009
}

@article{b21,
  title={An evaluation approach based on the problem-based learning in a software engineering master course},
  author={Cavalcanti, Ana Paula Carvalho and Santos, Simone and da Concei{\c{c}}{\~a}o Moraes, Maria and Albuquerque, Jones and Meira, Silvio Romero},
  journal={Journal of Technology Management \& Innovation},
  volume={3},
  number={2},
  pages={18--28},
  year={2008}
}

@book{b22,
	title        = {Game Level Design (Game Development Series)},
	author       = {Ed Byrne},
	year         = 2005,
	publisher    = {Charles River Media},
	address      = {Inc., USA}
}

@incollection{b24,
	title        = {Manual de produ\c{c}{\=a}o de jogos digitais},
	author       = {H. Maxwell Chandler},
	year         = 2012,
	booktitle    = {2 ed},
	publisher    = {-- Porto Alegre -- Bookman}
}

@incollection{b25,
	title        = {Level Design, Jogabilidade e Narrativa para Games},
	author       = {D. de Oliveira Lemes (Org.)},
	year         = 2018,
	booktitle    = {- eBook - S{\=a}o Bernardo do Campo - Ed},
	publisher    = {COD3S}
}

@book{b26,
	title        = {Brito; "Uma Avalia\c{c}{\=a}o Do Emprego Do Jogo Modelando Como Apoio Ao Ensino De Engenharia De Requisitos"},
	author       = {J. C. da Silva and S. P. A. Sousa and R. Kulesza and A. V.},
	year         = 2012,
	publisher    = {Universidade Federal Da Para{\'\i}ba}
}

@InProceedings{b27,
  author    = {W. Silva and N. M. Costa Valentim and T. Conte},
  booktitle = {Proceedings of the 13th Brazilian Symposium on Human Factors in Computing Systems},
  title     = {Projetando diagramas de atividade visando a usabilidade de aplica\c{c}{\=o}es interativas},
  year      = {2019},
  address   = {Programa de P{\'o}s-gradua\c{c}{\=a}o em Ci{\^e}ncia da Computa\c{c}{\=a}o, Centro de Engenharia El{\'e}trica e Inform{\'a}tica, Universidade Federal de Campina Grande - Para{\'\i}ba - Brasil},
  publisher = {Sociedade Brasileira de Computação - SBC},
  doi       = {10.5753/washes.2020.11194},
  journal   = {Anais do Workshop sobre Aspectos Sociais, Humanos e Econômicos de Software (WASHES 2020)},
}

@Book{b29,
  author    = {F. Ismar Silveira and L. Silva},
  publisher = {XIV Workshop Sobre Educa\c{c}{\=a}o em Computa\c{c}{\=a}o. XXVI Congresso da Sociedade Brasileira de Computa\c{c}{\=a}o},
  title     = {Aprendizagem de Padr{\=o}es de Projeto em Ci{\^e}ncia da Computa\c{c}{\=a}o atrav{\'e}s de Jogos Digitais},
  year      = {2006},
  volume    = {10},
  journal   = {Revista de Ensino de Ciências e Matemática},
}

@inproceedings{b23,
  title={MDA: A formal approach to game design and game research},
  author={Hunicke, Robin and LeBlanc, Marc and Zubek, Robert and others},
  booktitle={Proceedings of the AAAI Workshop on Challenges in Game AI},
  volume={4},
  number={1},
  pages={1722},
  year={2004},
  organization={San Jose, CA}
}

@Comment{jabref-meta: databaseType:bibtex;}
